<record><leader>00000cas a2200000 a 4500</leader><controlfield tag="001">27945150</controlfield><controlfield tag="008">930419d19181949ilucr ne      0   a0eng c</controlfield><datafield ind1=" " ind2=" " tag="010"><subfield code="a">sn 93055772 </subfield></datafield><datafield ind1=" " ind2=" " tag="040"><subfield code="a">NVF</subfield><subfield code="b">eng</subfield><subfield code="c">NVF</subfield><subfield code="d">OCLCQ</subfield><subfield code="d">NVF</subfield><subfield code="d">OCLCQ</subfield><subfield code="d">OCLCF</subfield><subfield code="d">OCLCO</subfield><subfield code="d">NVF</subfield></datafield><datafield ind1=" " ind2=" " tag="042"><subfield code="a">pcc</subfield></datafield><datafield ind1=" " ind2=" " tag="043"><subfield code="a">n-us-il</subfield></datafield><datafield ind1="0" ind2=" " tag="130"><subfield code="a">Republican herald (Metropolis, Ill.)</subfield></datafield><datafield ind1="1" ind2="4" tag="245"><subfield code="a">The Republican herald.</subfield></datafield><datafield ind1="1" ind2=" " tag="246"><subfield code="i">Called also:</subfield><subfield code="a">Metropolis herald</subfield><subfield code="f">Jan. 31, 1918-Jan. 2, 1919</subfield></datafield><datafield ind1=" " ind2=" " tag="260"><subfield code="a">Metropolis, Ill. :</subfield><subfield code="b">[publisher not identified],</subfield><subfield code="c">1918-1949.</subfield></datafield><datafield ind1=" " ind2=" " tag="300"><subfield code="a">v.</subfield></datafield><datafield ind1=" " ind2=" " tag="310"><subfield code="a">Semiweekly,</subfield><subfield code="b">Dec. 27, 1946-1949.</subfield></datafield><datafield ind1=" " ind2=" " tag="321"><subfield code="a">Weekly,</subfield><subfield code="b">Jan. 31, 1918-Nov. 17, 1921</subfield></datafield><datafield ind1=" " ind2=" " tag="321"><subfield code="a">Semiweekly,</subfield><subfield code="b">Nov. 22, 1921-&lt;Dec. 23, 1924&gt;</subfield></datafield><datafield ind1=" " ind2=" " tag="321"><subfield code="a">Weekly,</subfield><subfield code="b">&lt;Jan. 7, 1925&gt;-Dec. 23, 1946</subfield></datafield><datafield ind1="0" ind2=" " tag="362"><subfield code="a">Vol. 53, no. 5 (Jan. 31, 1918)-</subfield></datafield><datafield ind1="1" ind2=" " tag="362"><subfield code="a">Ceased in Mar. 1949.</subfield></datafield><datafield ind1=" " ind2=" " tag="515"><subfield code="a">Issues for Jan. 31, 1918-Jan. 2, 1919 called also Metropolis herald v. 43, no. 36-v. 44, no. 32.</subfield></datafield><datafield ind1=" " ind2=" " tag="580"><subfield code="a">Formed by the union of: Massac journal-Republican and: Metropolis herald.</subfield></datafield><datafield ind1=" " ind2=" " tag="580"><subfield code="a">Merged with: Metropolis news (Metropolis, Ill. : 1927), to form: Metropolis news and Republican herald.</subfield></datafield><datafield ind1=" " ind2=" " tag="588"><subfield code="a">Latest issue consulted: Dec. 27, 1946.</subfield></datafield><datafield ind1=" " ind2="0" tag="651"><subfield code="a">Metropolis (Ill.)</subfield><subfield code="v">Newspapers.</subfield></datafield><datafield ind1=" " ind2="7" tag="651"><subfield code="a">Illinois</subfield><subfield code="z">Metropolis.</subfield><subfield code="2">fast</subfield><subfield code="0">(OCoLC)fst01219163</subfield></datafield><datafield ind1=" " ind2="7" tag="655"><subfield code="a">Newspapers.</subfield><subfield code="2">fast</subfield><subfield code="0">(OCoLC)fst01423814</subfield></datafield><datafield ind1=" " ind2=" " tag="752"><subfield code="a">United States</subfield><subfield code="b">Illinois</subfield><subfield code="c">Massac County</subfield><subfield code="d">Metropolis.</subfield></datafield><datafield ind1="1" ind2="4" tag="780"><subfield code="t">Massac journal-Republican</subfield><subfield code="w">(DLC)sn 93055769</subfield><subfield code="w">(OCoLC)27944781</subfield></datafield><datafield ind1="1" ind2="4" tag="780"><subfield code="t">Metropolis herald</subfield><subfield code="w">(DLC)sn 93055771</subfield><subfield code="w">(OCoLC)27944983</subfield></datafield><datafield ind1="1" ind2="7" tag="785"><subfield code="t">Metropolis news (Metropolis, Ill. : 1927)</subfield><subfield code="w">(DLC)sn 93055774</subfield><subfield code="w">(OCoLC)27951565</subfield></datafield><datafield ind1="1" ind2="7" tag="785"><subfield code="t">Metropolis news and Republican herald</subfield><subfield code="w">(DLC)sn 93055775</subfield><subfield code="w">(OCoLC)27951715</subfield></datafield><datafield ind1="1" ind2=" " tag="029"><subfield code="a">AU@</subfield><subfield code="b">000020753973</subfield></datafield></record>